@Book{Muehl2020,
  author    = {Mühl, Thomas},
  date      = {2020},
  title     = {Elektrische Messtechnik: Grundlagen, Messverfahren, Anwendungen},
  doi       = {10.1007/978-3-658-29116-7},
  isbn      = {9783658291167},
  publisher = {Springer Fachmedien Wiesbaden},
}

@Book{Schruefer2022,
  author    = {Schrüfer, Elmar and Reindl, Leonhard M. and Zagar, Bernhard},
  date      = {2022-08},
  title     = {Elektrische Messtechnik: Messung elektrischer und nichtelektrischer Größen},
  doi       = {10.3139/9783446474437},
  isbn      = {9783446474437},
  publisher = {Carl Hanser Verlag GmbH \& Co. KG},
}

@Book{Baesig2019,
  author       = {Prof. Dr.-Ing. J. Bäsig},
  date         = {2019},
  title        = {Automaten und ihre Anwendung},
  edition      = {12},
  publisher    = {TH Nürnberg},
  subtitle     = {Skriptum zur Vorlesung Informatik 2},
  organization = {TH Nürnberg},
}

@WWW{STmicroelectronics2016,
  author  = {STmicroelectronics},
  date    = {2016-06},
  title   = {AN4031 - Using the STM32F2, STM32F4 and STM32F7 Series DMA controller},
  url     = {https://www.st.com/resource/en/application_note/dm00046011-using-the-stm32f2-stm32f4-and-stm32f7-series-dma-controller-stmicroelectronics.pdf},
  urldate = {2025-09-11},
}

@Book{Urbanek2020,
  author       = {Prof. Dr. Peter Urbanek},
  date         = {2020},
  title        = {Das MCT Skript},
  publisher    = {TH Nürnberg},
  subtitle     = {Vom Mikrochip zum Rechnersystem. Ein Grundlagenbuch mit vielen Beispielen.},
  titleaddon   = {Version 3.5},
  organization = {TH Nürnberg},
}

@WWW{STmicroelectronics2024,
  author  = {STmicroelectronics},
  date    = {2024-07},
  title   = {STM32F76xxx and STM32F77xxx advanced Arm®-based 32-bit MCUs},
  url     = {https://www.st.com/resource/en/reference_manual/rm0410-stm32f76xxx-and-stm32f77xxx-advanced-armbased-32bit-mcus-stmicroelectronics.pdf},
  urldate = {2025-09-11},
}

@Comment{jabref-meta: databaseType:biblatex;}
